
@book{Barbosa2016,
  title = {Beat extractor [Praat script]},
  author = {Barbosa, Pl\'inio Almeida},
  date = {2016}
}

@book{Boersma.Weenink2019,
  title = {Praat: doing phonetics by computer [software]},
  author = {Boersma, Paul and Weenink, David},
  date = {2019},
  url = {http://www.praat.org/},
  urldate = {2019-12-05},
  number = {Vers\~ao 6.1.08}
}

@book{Bortoni-Ricardo2011,
  title = {Do campo para a cidade: estudo sociolingu\'istico de migra{\c c}\~ao e redes sociais},
  author = {Bortoni-Ricardo, Stella Maris},
  date = {2011},
  publisher = {Par\'abola Editorial},
  location = {S\~ao Paulo},
  translator = {Bortoni-Ricardo, Stella Maris and Caxang\'a, Maria do Ros\'ario Rocha}
}

@incollection{Britain2012,
  title = {Koineization and cake baking: reflections on methods in dialect contact research},
  booktitle = {Methods in Contemporary Linguistics},
  author = {Britain, David},
  editor = {Ender, Andrea and Leemann, Adrian and W\"alchli, Bernhard},
  date = {2012},
  volume = {247},
  pages = {219--238},
  publisher = {De Gruyter Mouton},
  location = {Berlim},
  editora = {Britain, David and Ender, Andrea and Leemann, Adrian and W\"alchli, Bernhard},
  editoratype = {collaborator},
  file = {/home/gustavo/Documentos/Biblioteca/Britain_2012_Koineization and cake baking.pdf},
  keywords = {fichado,lido}
}

@incollection{Britain2018,
  title = {Dialect contact and new dialect formation},
  booktitle = {The Handbook of Dialectology},
  author = {Britain, David},
  editor = {Boberg, Charles and Nerbonne, John and Watt, Dominic},
  date = {2018},
  pages = {143--158},
  publisher = {Wiley-Blackwell},
  location = {Nova J\'ersei, EUA},
  file = {/home/gustavo/Documentos/Biblioteca/Britain_2018_Dialect contact and new dialect formation.pdf},
  keywords = {fichado,lido}
}

@article{Carter2005,
  title = {Prosodic variation in SLA: rhythm in an urban North Carolina hispanic community},
  author = {Carter, Phillip},
  date = {2005},
  journaltitle = {Selected Papers from NWAV 33},
  volume = {11},
  pages = {59--71},
  file = {/home/gustavo/Documentos/Biblioteca/Carter_2005_Prosodic Variation in SLA.pdf},
  keywords = {prosody,rhythm,tabelado},
  number = {2}
}

@collection{Chambers.Schilling-Estes2013,
  title = {The handbook of language variation and change},
  editor = {Chambers, J. K. and Schilling-Estes, Natalie},
  date = {2013},
  edition = {2},
  publisher = {Wiley-Blackwell},
  location = {Massachusetts, EUA},
  file = {/home/gustavo/Documentos/Biblioteca/Chambers_Schilling-Estes_2013_The handbook of language variation and change.pdf},
  pagetotal = {598}
}

@article{Chambers1992,
  title = {Dialect acquisition},
  author = {Chambers, J. K.},
  date = {1992},
  journaltitle = {Language},
  volume = {68},
  pages = {673--705},
  file = {/home/gustavo/Documentos/Biblioteca/Chambers_1992_Dialect acquisition.pdf},
  number = {4}
}

@article{Chambers2002,
  title = {Dynamics of dialect convergence},
  author = {Chambers, J. K.},
  date = {2002},
  journaltitle = {Journal of Sociolinguistics},
  volume = {6},
  pages = {117--130},
  file = {/home/gustavo/Documentos/Biblioteca/Chambers_2002_Dynamics of dialect convergence.pdf},
  number = {1}
}

@article{Clopper.Smiljanic2015,
  title = {Regional variation in temporal organization in American English},
  author = {Clopper, Cynthia and Smiljanic, Rajka},
  date = {2015},
  journaltitle = {Journal of Phonetics},
  volume = {49},
  pages = {1--15},
  file = {/home/gustavo/Documentos/Biblioteca/Clopper_Smiljanic_2015_Regional variation in temporal organization in American English.pdf},
  keywords = {prosody,tabelado,variation}
}

@incollection{Cukor-Avila.Bailey2013,
  title = {Real time and apparent time},
  booktitle = {The handbook of language variation and change},
  author = {Cukor-Avila, Patricia and Bailey, Guy},
  editor = {Chambers, J. K. and Schilling-Estes, Natalie},
  date = {2013},
  pages = {237--262},
  publisher = {Wiley-Blackwell},
  location = {Massachusetts, EUA},
  keywords = {apparent-time,Labov,language change,Martha's Vineyard,real-time}
}

@incollection{Fagyal2010,
  title = {Rhythm types and the speech of working-class youth in a banlieue of Paris: the role of vowel elision and devoicing},
  booktitle = {A reader in sociophonetics},
  author = {Fagyal, Zsuzsanna},
  editor = {Preston, Dennis and Niedzielski, Nancy},
  date = {2010},
  publisher = {De Gruyter Mouton},
  location = {New York},
  file = {/home/gustavo/Documentos/Biblioteca/Fagyal_2010_Rhythm types and the speech of working-class youth in a banlieue of Paris.pdf},
  keywords = {prosody,rhythm,tabelado}
}

@book{Fuchs2016,
  title = {Speech rhythm in varieties of English: evidence from educated Indian English and British English},
  author = {Fuchs, Robert},
  date = {2016},
  publisher = {Springer},
  location = {Singapura},
  file = {/home/gustavo/Documentos/Biblioteca/Fuchs_2015_Speech Rhythm in Varieties of English.pdf},
  keywords = {prosody,rhythm,tabelado}
}

@article{Grabe.etal2000,
  title = {Pitch accent realization in four varieties of British English},
  author = {Grabe, Esther and Post, Brechtje and Nolan, Francis and Farrar, Kimberley},
  date = {2000},
  journaltitle = {Journal of Phonetics},
  volume = {28},
  pages = {161--185},
  file = {/home/gsilveira/cloud/biblioteca/Grabe et al_2000_Pitch accent realization in four varieties of British English.pdf},
  keywords = {variação prosódica},
  number = {2}
}

@incollection{Grabe.Low2002,
  title = {Durational variability in speech and the rhythm class hypothesis},
  booktitle = {Laboratory Phonology},
  author = {Grabe, Esther and Low, Ee Ling},
  editor = {Gussenhoven, Carlos and Warner, Natasha},
  date = {2002},
  volume = {7},
  pages = {515--546},
  publisher = {Mouton de Gruyter},
  location = {Berlim},
  file = {/home/gustavo/Documentos/Biblioteca/Grabe_Low_2002_Durational variability in speech and the rhythm class hypothesis.pdf}
}

@article{Grabe2002,
  title = {Variation adds to prosodic typology},
  author = {Grabe, Esther},
  date = {2002},
  pages = {6},
  file = {/home/gustavo/Documentos/Biblioteca/Grabe_2002_Variation adds to prosodic typology.pdf},
  keywords = {tabelado,tipologia entoacional,tipologia rítmica,variação inter-falante},
  langid = {english}
}

@article{Hay.Drager2007,
  title = {Sociophonetics},
  author = {Hay, Jennifer and Drager, Katie},
  date = {2007},
  journaltitle = {Annual Review of Anthropology},
  volume = {36},
  pages = {89--103},
  file = {/home/gsilveira/cloud/biblioteca/Hay_Drager_2007_Sociophonetics.pdf},
  keywords = {sociophonetics},
  langid = {english},
  number = {1}
}

@article{Kerswill1993,
  title = {Rural dialect speakers in an urban speech community: the role of dialect contact in defining a sociolinguistic concept},
  author = {Kerswill, Paul},
  date = {1993},
  journaltitle = {International Journal of Applied Linguistics},
  volume = {3},
  pages = {33--56},
  file = {/home/gustavo/Documentos/Biblioteca/Kerswill_1993_Rural dialect speakers in an urban speech community.pdf},
  number = {1}
}

@book{Labov2001,
  title = {Principles of linguistic change. Volume 2: Social factors},
  author = {Labov, William},
  date = {2001},
  publisher = {Blackwell Publishers},
  location = {Massachusetts},
  file = {/home/gustavo/Documentos/Biblioteca/LabovW_2001_Principles_of_linguistic_change.pdf},
  pagetotal = {572}
}

@book{Labov2006,
  title = {The social stratification of English in New York City},
  author = {Labov, William},
  date = {2006},
  edition = {2},
  publisher = {Cambridge University Press},
  location = {Nova Iorque},
  file = {/home/gustavo/Documentos/Biblioteca/LabovW_1966_The_social_stratification_of_English_in.pdf}
}

@book{Lenneberg1967,
  title = {Biological foundations of language},
  author = {Lenneberg, Eric},
  date = {1967},
  publisher = {John Wiley \& Sons, Inc},
  location = {Nova Iorque},
  langid = {english}
}

@article{Lowry2011,
  title = {Belfast intonation and speaker gender},
  author = {Lowry, Orla},
  date = {2011},
  journaltitle = {Journal of English Linguistics},
  shortjournal = {Journal of English Linguistics},
  volume = {39},
  pages = {209--232},
  file = {/home/gsilveira/cloud/biblioteca/Lowry_2011_Belfast intonation and speaker gender.pdf},
  keywords = {intonation,prosody},
  number = {3}
}

@article{Mendes.Oushiro2012,
  title = {O paulistano no mapa sociolingu\'istico brasileiro},
  author = {Mendes, Ronald Beline and Oushiro, Livia},
  date = {2012},
  journaltitle = {ALFA: Revista de Lingu\'istica},
  volume = {56},
  file = {/home/gsilveira/cloud/biblioteca/Mendes_Oushiro_2012_O paulistano no mapa sociolinguístico brasileiro.pdf;/home/gustavo/Zotero/storage/9P6UC3L2/Mendes_Oushiro_2012_O paulistano no mapa sociolinguístico brasileiro.pdf;/home/gustavo/Zotero/storage/SYBUXJ8E/4942.html},
  number = {3}
}

@article{Milroy2002,
  title = {Mobility, contact and language change: working with contemporary speech communities},
  author = {Milroy, Lesley},
  date = {2002},
  journaltitle = {Journal of Sociolinguistics},
  volume = {6},
  pages = {3--15},
  file = {/home/gustavo/Documentos/Biblioteca/Milroy_2002_Introduction.pdf},
  number = {1}
}

@article{Nycz2015,
  title = {Second dialect acquisition: a sociophonetic perspective},
  author = {Nycz, Jennifer},
  date = {2015},
  journaltitle = {Language and Linguistics Compass},
  volume = {9},
  pages = {469--482},
  file = {/home/gsilveira/cloud/biblioteca/Nycz_2015_Second dialect acquisition.pdf},
  keywords = {sociophonetics},
  number = {11}
}

@report{Oliveira2017,
  title = {Projeto PORTAL: varia{\c c}\~ao lingu\'istica no portugu\^es alagoano},
  author = {Oliveira, Alan Jardel},
  date = {2017},
  url = {http://www.portuguesalagoano.com.br/},
  urldate = {2020-01-21}
}

@report{Oliveira2019,
  title = {Dialetos em contato: acomoda{\c c}\~ao dialetal por migrantes baianos habitantes da cidade de Bauru, S\~ao Paulo},
  author = {Oliveira, Marcelo Augusto},
  date = {2019},
  institution = {Universidade Estadual Paulista},
  location = {Araraquara},
  file = {/home/gustavo/Documentos/Biblioteca/Oliveira_2019_Dialetos em contato.pdf}
}

@report{Oushiro2018,
  title = {Processos de acomoda{\c c}\~ao dialetal na fala de nordestinos residentes em S\~ao Paulo},
  author = {Oushiro, Livia},
  date = {2018},
  institution = {Universidade Estadual de Campinas},
  location = {Campinas},
  file = {/home/gustavo/Documentos/Biblioteca/Oushiro_Relatório Final do Projeto Processos de acomodação dialetal na fala de.pdf},
  type = {Relat\'orio final}
}

@article{Podesva2011,
  title = {Salience and the social meaning of declarative contours: three case studies of gay professionals},
  author = {Podesva, Podesva},
  date = {2011},
  journaltitle = {Journal of English Linguistics},
  shortjournal = {Journal of English Linguistics},
  volume = {39},
  pages = {233--264},
  file = {/home/gsilveira/cloud/biblioteca/Podesva_2011_Salience and the social meaning of declarative contours.pdf;/home/gsilveira/cloud/biblioteca/Podesva_2011_Salience and the Social Meaning of Declarative Contours.pdf},
  number = {3}
}

@article{Ramus.etal1999,
  title = {Correlates of linguistic rhythm in the speech signal},
  author = {Ramus, Franck and Nespor, Marina and Mehler, Jacques},
  date = {1999},
  pages = {36},
  file = {/home/gustavo/Documentos/Biblioteca/Ramus et al_1999_Correlates of linguistic rhythm in the speech signal.pdf},
  keywords = {prosody,rhythm,tabelado},
  langid = {english}
}

@book{RCoreTeam2019,
  title = {R: A language and environment for statistical computing [software]},
  author = {{R Core Team}},
  date = {2019},
  url = {http://www.R-project.org/},
  urldate = {2019-07-25},
  keywords = {R},
  number = {Vers\~ao 3.6.1}
}

@thesis{Santana2019,
  title = {As vogais m\'edias pret\^onicas na fala de sergipanos em S\~ao Paulo},
  author = {Santana, Amanda de Lima},
  date = {2019},
  institution = {Universidade de S\~ao Paulo},
  location = {S\~ao Paulo},
  file = {/home/gustavo/Documentos/Biblioteca/Santana_2019_As vogais médias pretônicas na fala de sergipanos em São Paulo.pdf},
  type = {Disserta{\c c}\~ao}
}

@book{SilvaJr.Barbosa2019,
  title = {Metrics and acoustics extractor [Praat script]},
  author = {Silva Jr, Le\^onidas and Barbosa, Pl\'inio Almeida},
  date = {2019},
  number = {Vers\~ao 1.7.7}
}

@unpublished{Souza2017,
  title = {A plasticidade dialetal na fala de migrantes baianos em S\~ao Paulo},
  author = {Souza, Emerson},
  date = {2017},
  eventtitle = {Encontro Intermedi\'ario do GT de Sociolingu\'istica da ANPOLL}
}

@incollection{Szakay2006,
  title = {Rhythm and pitch as markers of ethnicity in New Zealand English},
  booktitle = {Proceedings of the 11th Australian International Conference on Speech Science \& Technology},
  author = {Szakay, Anita},
  editor = {Warren, Paul and Watson, Catherine},
  date = {2006},
  pages = {412--426},
  publisher = {Australian Speech Science \& Technology Association Inc.},
  location = {Nova Zel\^andia},
  file = {/home/gustavo/Documentos/Biblioteca/Szakay_2006_Rhythm and pitch as markers of ethnicity in New Zealand English.pdf},
  keywords = {prosody,rhythm,tabelado}
}

@incollection{Thomas2013,
  title = {Sociophonetics},
  booktitle = {The Handbook of Language Variation and Change},
  author = {Thomas, Erik},
  editor = {Chambers, J.K. and Schilling, Natalie},
  date = {2013},
  pages = {108--127},
  publisher = {John Wiley \& Sons, Inc},
  location = {Oxford, UK},
  file = {/home/gsilveira/cloud/biblioteca/Thomas_2013_Sociophonetics.pdf},
  keywords = {sociophonetics}
}

@article{Torgersen.Szakay2012,
  title = {An investigation of speech rhythm in London English},
  author = {Torgersen, Eivind Nessa and Szakay, Anita},
  date = {2012},
  journaltitle = {Lingua},
  volume = {122},
  pages = {822--840},
  file = {/home/gustavo/Documentos/Biblioteca/Torgersen_Szakay_2012_An investigation of speech rhythm in London English.pdf},
  keywords = {prosody,rhythm,tabelado},
  number = {7}
}

@book{Trudgill1986,
  title = {Dialects in contact},
  author = {Trudgill, Peter},
  date = {1986},
  publisher = {Basil Blackwell},
  location = {Oxford, UK},
  file = {/home/gustavo/Documentos/Biblioteca/Trudgill_1986_Dialects in contact.pdf}
}


